<?xml version="1.0" encoding="UTF-8"?><collection xmlns="http://www.loc.gov/MARC21/slim"><record><leader>00407nam--2200169-i-4500</leader><controlfield tag="001">000012658</controlfield><controlfield tag="002">20161230</controlfield><controlfield tag="005">20170113140255</controlfield><controlfield tag="008">060222s1000------------r-----000-0-eng-d</controlfield><datafield ind1=" " ind2=" " tag="080"><subfield code="a">57</subfield></datafield><datafield ind1=" " ind2=" " tag="110"><subfield code="a">Subnuclear Components Preparation And Fraction</subfield></datafield><datafield ind1=" " ind2=" " tag="245"><subfield code="a">Ation</subfield></datafield><datafield ind1=" " ind2=" " tag="260"><subfield code="a">London</subfield><subfield code="b">Butterworths</subfield><subfield code="c">1976</subfield></datafield><datafield ind1=" " ind2=" " tag="300"><subfield code="a">334 p</subfield></datafield><datafield ind1=" " ind2=" " tag="700"><subfield code="a">Birnie, G. D</subfield></datafield><datafield ind1=" " ind2=" " tag="852"><subfield code="a">45921</subfield></datafield><datafield ind1=" " ind2=" " tag="CAT"><subfield code="a">SYS</subfield><subfield code="c">20170113</subfield><subfield code="h">140255</subfield></datafield></record></collection>